@article{zou_study_2022,
	title = {Study of two free-falling spheres interaction by coupled {SPH}–{{DEM}} method},
	volume = {92},
	issn = {0997-7546},
	url = {https://www.sciencedirect.com/science/article/pii/S0997754621001412},
	doi = {10.1016/j.euromechflu.2021.09.006},
	language = {en},
	urldate = {2023-06-18},
	journal = {European Journal of Mechanics - B/Fluids},
	author = {Zou, Li and Sun, Jia Zhao and Sun, Zhe and Yu, Zong Bing and Zhao, Huai Bin},
	month = mar,
	year = {2022},
	keywords = {Deep-sea mining, Particles interaction, {SPH}–{DEM} coupling, Spheres free-falling},
	pages = {49--64},
}


@article{hashemi_modified_2012,
	title = {A modified {SPH} method for simulating motion of rigid bodies in {Newtonian} fluid flows},
	volume = {47},
	issn = {0020-7462},
	url = {https://www.sciencedirect.com/science/article/pii/S0020746211002502},
	doi = {10.1016/j.ijnonlinmec.2011.10.007},
	language = {en},
	number = {6},
	urldate = {2023-06-18},
	journal = {International Journal of Non-Linear Mechanics},
	author = {Hashemi, M. R. and Fatehi, R. and Manzari, M. T.},
	month = jul,
	year = {2012},
	keywords = {Smoothed particle hydrodynamics (SPH), Boundary condition, Consistency, Particulate flow, Weakly compressible},
	pages = {626--638},
}


@article{skillen_incompressible_2013,
	title = {Incompressible smoothed particle hydrodynamics ({SPH}) with reduced temporal noise and generalised {Fickian} smoothing applied to body–water slam and efficient wave–body interaction},
	volume = {265},
	issn = {0045-7825},
	url = {https://www.sciencedirect.com/science/article/pii/S0045782513001448},
	doi = {10.1016/j.cma.2013.05.017},
	urldate = {2023-08-21},
	journal = {Computer Methods in Applied Mechanics and Engineering},
	author = {Skillen, Alex and Lind, Steven and Stansby, Peter K. and Rogers, Benedict D.},
	month = oct,
	year = {2013},
	keywords = {Fluid–structure interaction, Free-surface flow simulation, Incompressible SPH},
	pages = {163--173},
}


@article{sun_numerical_2015,
	title = {Numerical simulation of interactions between free surface and rigid body using a robust {SPH} method},
	volume = {98},
	issn = {0029-8018},
	url = {https://www.sciencedirect.com/science/article/pii/S0029801815000323},
	doi = {10.1016/j.oceaneng.2015.01.019},
	urldate = {2023-09-27},
	journal = {Ocean Engineering},
	author = {Sun, Pengnan and Ming, Furen and Zhang, Aman},
	month = apr,
	year = {2015},
	keywords = {Dummy particle boundary, Fluid–solid interaction, Free surface flow, Free-slip, No-slip, SPH},
	pages = {32--49},
}

@article{gingold1977smoothed,
	title        = {Smoothed particle hydrodynamics: theory and application to non-spherical stars},
	author       = {Gingold, Robert A and Monaghan, Joseph J},
	year         = 1977,
	journal      = {Monthly notices of the royal astronomical society},
	publisher    = {Oxford University Press Oxford, UK},
	volume       = 181,
	number       = 3,
	pages        = {375--389},
	doi          = {10.1093/mnras/181.3.375}
}
@article{lucy1977numerical,
	title        = {A numerical approach to the testing of the fission hypothesis},
	author       = {Lucy, Leon B},
	year         = 1977,
	journal      = {The astronomical journal},
	volume       = 82,
	pages        = {1013--1024},
	doi          = {10.1086/112164}
}

@article{luding_dem_2008,
	title        = {Introduction to discrete element methods},
	author       = {Stefan   Luding},
	year         = 2008,
	journal      = {European Journal of Environmental and Civil Engineering},
	publisher    = {Taylor \& Francis},
	volume       = 12,
	number       = {7-8},
	pages        = {785--826},
	doi          = {10.1080/19648189.2008.9693050},
	url          = {https://doi.org/10.1080/19648189.2008.9693050},
	eprint       = {https://doi.org/10.1080/19648189.2008.9693050}
}
@article{cundall_discrete_1979,
	title        = {A discrete numerical model for granular assemblies},
	author       = {Cundall, P. A. and Strack, O. D. L.},
	year         = 1979,
	volume       = 29,
	number       = 1,
	pages        = {47--65},
	doi          = {10.1680/geot.1979.29.1.47},
	issn         = {0016-8505},
	url          = {https://www.icevirtuallibrary.com/doi/10.1680/geot.1979.29.1.47},
	urldate      = {2022-12-08},
	note         = {Publisher: {ICE} Publishing},
	journaltitle = {Géotechnique},
	date         = {1979-03},
	keywords     = {geotechnical engineering},
	file         = {Full Text PDF:/home/dinesh/phd/zotero/storage/DLTWDR5Q/Cundall and Strack - 1979 - A discrete numerical model for granular assemblies.pdf:application/pdf}
}

@article{Violeau16,
	title        = {Smoothed particle hydrodynamics {(SPH)} for free-surface flows: past, present and future},
	author       = {Violeau, D. and Rogers, B. D.},
	year         = 2016,
	month        = {January},
	journal      = {Journal of Hydraulic Research},
	volume       = 54,
	pages        = {1--26}
}
@article{monaghan-review:2005,
	title        = {{Smoothed Particle Hydrodynamics}},
	author       = {J. J. Monaghan},
	year         = 2005,
	journal      = {{Reports on Progress in Physics}},
	volume       = 68,
	pages        = {1703--1759}
}
@article{Adami2012,
	title        = {A generalized wall boundary condition for smoothed particle hydrodynamics},
	author       = {S. Adami and X.Y. Hu and N.A. Adams},
	year         = 2012,
	month        = aug,
	journal      = {Journal of Computational Physics},
	publisher    = {Elsevier {BV}},
	volume       = 231,
	number       = 21,
	pages        = {7057--7075},
	doi          = {10.1016/j.jcp.2012.05.005}
}
@article{morris1997modeling,
	title        = {Modeling low Reynolds number incompressible flows using {SPH}},
	author       = {Morris, Joseph P and Fox, Patrick J and Zhu, Yi},
	year         = 1997,
	journal      = {Journal of computational physics},
	publisher    = {Elsevier},
	volume       = 136,
	number       = 1,
	pages        = {214--226}
}

@article{dietemann2020smoothed,
  title={A Smoothed Particle Hydrodynamics scheme for arbitrarily shaped rigid bodies within highly viscous fluids},
  author={Dietemann, Bastien and Kraft, Torsten and Kruggel-Emden, Harald and Bierwisch, Claas},
  journal={Journal of Computational Physics: X},
  volume={8},
  pages={100068},
  year={2020},
  publisher={Elsevier}
}

@article{guan2024numerical,
  title={Numerical studies of complex fluid-solid interactions with a six degrees of freedom quaternion-based solver in the {SPH} framework},
  author={Guan, Xiang-Shan and Sun, Peng-Nan and Xu, Yang and Lyu, Hong-Guan and Geng, Lei-Ming},
  journal={Ocean Engineering},
  volume={291},
  pages={116484},
  year={2024},
  publisher={Elsevier}
}

@article{he2017coupled,
  title={A coupled {WC-TL} {SPH} method for simulation of hydroelastic problems},
  author={He, Jiandong and Tofighi, Nima and Yildiz, Mehmet and Lei, Juanmian and Suleman, Afzal},
  journal={International Journal of Computational Fluid Dynamics},
  volume={31},
  number={3},
  pages={174--187},
  year={2017},
  publisher={Taylor \& Francis}
}

@article{meng2022hydroelastic,
  title={A hydroelastic fluid--structure interaction solver based on the Riemann-{SPH} method},
  author={Meng, Zi-Fei and Zhang, A-Man and Yan, Jia-Le and Wang, Ping-Ping and Khayyer, Abbas},
  journal={Computer Methods in Applied Mechanics and Engineering},
  volume={390},
  pages={114522},
  year={2022},
  publisher={Elsevier}
}

@article{ma2022review,
  title={A review of recent development for the {CFD}-{DEM} investigations of non-spherical particles},
  author={Ma, Huaqing and Zhou, Lianyong and Liu, Zihan and Chen, Mengyao and Xia, Xiuhao and Zhao, Yongzhi},
  journal={Powder Technology},
  volume={412},
  pages={117972},
  year={2022},
  publisher={Elsevier}
}

@article{zhu2008discrete,
  title={Discrete particle simulation of particulate systems: a review of major applications and findings},
  author={Zhu, HP and Zhou, ZY and Yang, RY and Yu, AB},
  journal={Chemical Engineering Science},
  volume={63},
  number={23},
  pages={5728--5770},
  year={2008},
  publisher={Elsevier}
}

@article{li2018dam,
  title={Dam-break of mixtures consisting of non-Newtonian liquids and granular particles},
  author={Li, Xingyue and Zhao, Jidong},
  journal={Powder Technology},
  volume={338},
  pages={493--505},
  year={2018},
  publisher={Elsevier}
}

@article{wang2023developments,
  title={Developments and applications of the {CFD}-{DEM} method in particle--fluid numerical simulation in petroleum engineering: A review},
  author={Wang, Xiaoyu and Gong, Liang and Li, Yang and Yao, Jun},
  journal={Applied Thermal Engineering},
  volume={222},
  pages={119865},
  year={2023},
  publisher={Elsevier}
}

@article{li2019modeling,
  title={Modeling {3D} non-Newtonian solid--liquid flows with a free-surface using {DEM}-{MPS}},
  author={Li, Jing-Jun and Qiu, Liu-Chao and Tian, Lei and Yang, Yong-Sen and Han, Yu},
  journal={Engineering Analysis with Boundary Elements},
  volume={105},
  pages={70--77},
  year={2019},
  publisher={Elsevier}
}

@article{peng2021fully,
  title={A fully resolved {SPH}-{DEM} method for heterogeneous suspensions with arbitrary particle shape},
  author={Peng, Chong and Zhan, Ling and Wu, Wei and Zhang, Bingyin},
  journal={Powder Technology},
  volume={387},
  pages={509--526},
  year={2021},
  publisher={Elsevier}
}

@article{xiong2014lbm,
  title={A {LBM}--{DEM} solver for fast discrete particle simulation of particle--fluid flows},
  author={X.iong, Qingang and Madadi-Kandjani, Ehsan and Lorenzini, Giulio},
  journal={Continuum Mechanics and Thermodynamics},
  volume={26},
  pages={907--917},
  year={2014},
  publisher={Springer}
}

@article{kloss2012models,
  title={Models, algorithms and validation for opensource {DEM} and {CFD}--{DEM}},
  author={Kloss, Christoph and Goniva, Christoph and Hager, Alice and Amberger, Stefan and Pirker, Stefan},
  journal={Progress in Computational Fluid Dynamics, an International Journal},
  volume={12},
  number={2-3},
  pages={140--152},
  year={2012},
  publisher={Inderscience Publishers}
}

@article{franci2020pfem,
  title={{PFEM}--{DEM} for particle-laden flows with free surface},
  author={Franci, Alessandro and de-Pouplana, Ignasi and Casas, Guillermo and Celigueta, Miguel {\'A}ngel and Gonz{\'a}lez-Us{\'u}a, Joaqu{\'\i}n and O{\~n}ate, Eugenio},
  journal={Computational Particle Mechanics},
  volume={7},
  pages={101--120},
  year={2020},
  publisher={Springer}
}

@article{van2008numerical,
  title={Numerical simulation of dense gas-solid fluidized beds: a multiscale modeling strategy},
  author={van der Hoef, Martin Anton and van Sint Annaland, M and Deen, NG and Kuipers, JAM},
  journal={Annu. Rev. Fluid Mech.},
  volume={40},
  pages={47--70},
  year={2008},
  publisher={Annual Reviews}
}

@article{cleary2015prediction,
  title={Prediction of coupled particle and fluid flows using {DEM} and {SPH}},
  author={Cleary, Paul W},
  journal={Minerals Engineering},
  volume={73},
  pages={85--99},
  year={2015},
  publisher={Elsevier}
}

@article{trujillo2020smooth,
  title={Smooth particle hydrodynamics and discrete element method coupling scheme for the simulation of debris flows},
  author={Trujillo-Vela, Mario Germ{\'a}n and Galindo-Torres, Sergio Andr{\'e}s and Zhang, Xue and Ramos-Ca{\~n}{\'o}n, Alfonso Mariano and Escobar-Vargas, Jorge Alberto},
  journal={Computers and Geotechnics},
  volume={125},
  pages={103669},
  year={2020},
  publisher={Elsevier}
}

@article{brosh2014accelerating,
  title={Accelerating {CFD}--{DEM} simulation of processes with wide particle size distributions},
  author={Brosh, Tamir and Kalman, Haim and Levy, Avi},
  journal={Particuology},
  volume={12},
  pages={113--121},
  year={2014},
  publisher={Elsevier}
}

@article{Dai2021,
	title        = {Numerical and experimental investigations on pipeline internal solid-liquid mixed fluid for deep ocean mining},
	author       = {Yu Dai and Yanyang Zhang and Xuyang Li},
	year         = 2021,
	month        = jan,
	journal      = {Ocean Engineering},
	publisher    = {Elsevier {BV}},
	volume       = 220,
	pages        = 108411,
	doi          = {10.1016/j.oceaneng.2020.108411},
	url          = {https://doi.org/10.1016/j.oceaneng.2020.108411}
}

@article{Qingyun2022,
	title        = {Numerical simulation of impact and entrainment behaviors of debris flow by using {SPH}{\textendash}{{DEM}}{\textendash}{FEM} coupling method},
	author       = {Zeng Qingyun and Zheng Mingxin and Huang Dan},
	year         = 2022,
	month        = jan,
	journal      = {Open Geosciences},
	publisher    = {Walter de Gruyter {GmbH}},
	volume       = 14,
	number       = 1,
	pages        = {1020--1047},
	doi          = {10.1515/geo-2022-0407},
	url          = {https://doi.org/10.1515/geo-2022-0407}
}

@inproceedings{Mintu2018,
	title        = {Simulation of Ice-Structure Interactions Using a Coupled {SPH}-{DEM} Method},
	author       = {Shafiul Mintu and David Molyneux},
	year         = 2018,
	month        = nov,
	booktitle    = {Day 1 Mon,  November 05,  2018},
	publisher    = {{OTC}},
	doi          = {10.4043/29139-ms},
	url          = {https://doi.org/10.4043/29139-ms}
}
@article{Karunasena2014,
	title        = {A coupled {SPH}-{DEM} model for micro-scale structural deformations of plant cells during drying},
	author       = {H.C.P. Karunasena and W. Senadeera and Y.T. Gu and R.J. Brown},
	year         = 2014,
	month        = aug,
	journal      = {Applied Mathematical Modelling},
	publisher    = {Elsevier {BV}},
	volume       = 38,
	number       = {15-16},
	pages        = {3781--3801},
	doi          = {10.1016/j.apm.2013.12.004},
	url          = {https://doi.org/10.1016/j.apm.2013.12.004}
}

@article{markauskas2019coupled,
  title={Coupled {DEM}-{SPH} simulations of wet continuous screening},
  author={Markauskas, Darius and Kruggel-Emden, Harald},
  journal={Advanced Powder Technology},
  volume={30},
  number={12},
  pages={2997--3009},
  year={2019},
  publisher={Elsevier}
}

@article{canelas2016sph,
  title={{SPH}--{DCDEM} model for arbitrary geometries in free surface solid--fluid flows},
  author={Canelas, Ricardo B and Crespo, Alejandro JC and Dom{\'\i}nguez, Jose M and Ferreira, Rui ML and G{\'o}mez-Gesteira, Moncho},
  journal={Computer Physics Communications},
  volume={202},
  pages={131--140},
  year={2016},
  publisher={Elsevier}
}

@article{asai2021fluid,
  title={Fluid--rigid-body interaction simulations and validations using a coupled stabilized {ISPH}--{DEM} incorporated with the energy-tracking impulse method for multiple-body contacts},
  author={Asai, Mitsuteru and Li, Yi and Chandra, Bodhinanda and Takase, Shinsuke},
  journal={Computer Methods in Applied Mechanics and Engineering},
  volume={377},
  pages={113681},
  year={2021},
  publisher={Elsevier}
}

@article{park2023new,
  title={A new {SPH}-{FEM} coupling method for fluid--structure interaction using segment-based interface treatment},
  author={Park, Hyung-Jun and Seo, Hyun-Duk},
  journal={Engineering with Computers},
  pages={1--17},
  year={2023},
  publisher={Springer}
}

@article{amicarelli2015smoothed,
  title={A Smoothed Particle Hydrodynamics model for 3D solid body transport in free surface flows},
  author={Amicarelli, Andrea and Albano, Raffaele and Mirauda, Domenica and Agate, Giordano and Sole, Aurelia and Guandalini, Roberto},
  journal={Computers \& fluids},
  volume={116},
  pages={205--228},
  year={2015},
  publisher={Elsevier}
}

@article{monaghan2009sph,
  title={{SPH} particle boundary forces for arbitrary boundaries},
  author={Monaghan, Joe J and Kajtar, Jules B},
  journal={Computer physics communications},
  volume={180},
  number={10},
  pages={1811--1820},
  year={2009},
  publisher={Elsevier}
}

@article{zou2022study,
  title={Study of two free-falling spheres interaction by coupled {SPH}--{DEM} method},
  author={Zou, Li and Sun, Jia Zhao and Sun, Zhe and Yu, Zong Bing and Zhao, Huai Bin},
  journal={European Journal of Mechanics-B/Fluids},
  volume={92},
  pages={49--64},
  year={2022},
  publisher={Elsevier}
}

@article{ng2021numerical,
  title={Numerical computation of fluid--solid mixture flow using the {SPH}--{VCPM}--{DEM} method},
  author={Ng, KC and Alexiadis, A and Chen, Hailong and Sheu, TWH},
  journal={Journal of Fluids and Structures},
  volume={106},
  pages={103369},
  year={2021},
  publisher={Elsevier}
}

@article{brilliantov1996model,
  title={Model for collisions in granular gases},
  author={Brilliantov, Nikolai V and Spahn, Frank and Hertzsch, Jan-Martin and P{\"o}schel, Thorsten},
  journal={Physical review E},
  volume={53},
  number={5},
  pages={5382},
  year={1996},
  publisher={APS}
}

@article{sun2023resolved,
  title={A resolved {SPH}-{DEM} coupling method for analysing the interaction of polyhedral granular materials with fluid},
  author={Sun, JiaZhao and Zou, Li and Govender, Nicolin and Mart{\'\i}nez-Est{\'e}vez, Iv{\'a}n and Crespo, Alejandro JC and Sun, Zhe and Dom{\'\i}nguez, Jos{\'e} M},
  journal={Ocean Engineering},
  volume={287},
  pages={115938},
  year={2023},
  publisher={Elsevier}
}

@article{wu2014two,
  title={A two-way coupled simulation of moving solids in free-surface flows},
  author={Wu, Tso-Ren and Chu, Chia-Ren and Huang, Chih-Jung and Wang, Chung-Yue and Chien, Ssu-Ying and Chen, Meng-Zhi},
  journal={Computers \& Fluids},
  volume={100},
  pages={347--355},
  year={2014},
  publisher={Elsevier}
}

@article{zhang2009simulation,
  title={Simulation of solid--fluid mixture flow using moving particle methods},
  author={Zhang, Shuai and Kuwabara, Shigeyuki and Suzuki, Takahito and Kawano, Yoshio and Morita, Koji and Fukuda, Kenji},
  journal={Journal of Computational Physics},
  volume={228},
  number={7},
  pages={2552--2565},
  year={2009},
  publisher={Elsevier}
}

@article{chung2011benchmark,
  title={Benchmark tests for verifying discrete element modelling codes at particle impact level},
  author={Chung, YC and Ooi, JY},
  journal={Granular Matter},
  volume={13},
  number={5},
  pages={643--656},
  year={2011},
  publisher={Springer}
}

@article{kharaz2001experimental,
  title={An experimental study of the elastic rebound of spheres},
  author={Kharaz, AH and Gorham, DA and Salman, AD},
  journal={Powder Technology},
  volume={120},
  number={3},
  pages={281--291},
  year={2001},
  publisher={Elsevier}
}

@book{greenhow1983nonlinear,
  title={Nonlinear free surface effects: experiments and theory},
  author={Greenhow, Martin and Lin, Woei-Min},
  year={1983},
  publisher={Massachusetts Institute of Technology, Department of Ocean Engineering Cambridge}
}

@article{sun2018accurate,
  title={An accurate and efficient {SPH} modeling of the water entry of circular cylinders},
  author={Sun, Pengnan and Zhang, A-Man and Marrone, Salvatore and Ming, Furen},
  journal={Applied Ocean Research},
  volume={72},
  pages={60--75},
  year={2018},
  publisher={Elsevier}
}

@article{sun2006water,
  title={Water impact of horizontal circular cylinders and cylindrical shells},
  author={Sun, Hui and Faltinsen, Odd M},
  journal={Applied Ocean Research},
  volume={28},
  number={5},
  pages={299--311},
  year={2006},
  publisher={Elsevier}
}

@article{qiu20173d,
  title={A 3D simulation of a moving solid in viscous free-surface flows by coupling {SPH} and {DEM}},
  author={Qiu, Liu-Chao and Liu, Yi and Han, Yu and others},
  journal={Mathematical Problems in Engineering},
  volume={2017},
  year={2017},
  publisher={Hindawi}
}

@article{nan2022cfd,
  title={{CFD}-{DEM} coupling with multi-sphere particles and application in predicting dynamic behaviors of drifting boats},
  author={Nan, Xuan and Hou, Jingming and Shen, Zhihao and Tong, Yu and Li, Guodong and Wang, Xuedong and Kang, Yongde},
  journal={Ocean Engineering},
  volume={247},
  pages={110368},
  year={2022},
  publisher={Elsevier}
}

@article{li2022study,
  title={Study of free-surface and solids suspension in top-sealed tanks stirred by pitched blade turbine impellers through {DEM}-{VOF} method},
  author={Li, Bao and Kang, Qianqian and Wang, Zechen and Wang, Jingtao},
  journal={Asia-Pacific Journal of Chemical Engineering},
  volume={17},
  number={3},
  pages={e2758},
  year={2022},
  publisher={Wiley Online Library}
}

@article{golshan2023lethe,
  title={{Lethe}-{DEM}: An open-source parallel discrete element solver with load balancing},
  author={Golshan, Shahab and Munch, Peter and Gassm{\"o}ller, Rene and Kronbichler, Martin and Blais, Bruno},
  journal={Computational Particle Mechanics},
  volume={10},
  number={1},
  pages={77--96},
  year={2023},
  publisher={Springer}
}

@article{ramachandran2021pysph,
  title={{PySPH}: a Python-based framework for smoothed particle hydrodynamics},
  author={Ramachandran, Prabhu and Bhosale, Aditya and Puri, Kunal and Negi, Pawan and Muta, Abhinav and Dinesh, A and Menon, Dileep and Govind, Rahul and Sanka, Suraj and Sebastian, Amal S and others},
  journal={ACM Transactions on Mathematical Software (TOMS)},
  volume={47},
  number={4},
  pages={1--38},
  year={2021},
  publisher={ACM New York, NY}
}

@article{ramachandran2018automan,
  title={automan: A python-based automation framework for numerical computing},
  author={Ramachandran, Prabhu},
  journal={Computing in Science \& Engineering},
  volume={20},
  number={5},
  pages={81--97},
  year={2018},
  publisher={IEEE}
}

@article{monaghan2012smoothed,
  title={Smoothed particle hydrodynamics and its diverse applications},
  author={Monaghan, Joseph J},
  journal={Annual Review of Fluid Mechanics},
  volume={44},
  pages={323--346},
  year={2012},
  publisher={Annual Reviews}
}

@article{di2004comparison,
  title={Comparison of contact-force models for the simulation of collisions in DEM-based granular flow codes},
  author={Di Renzo, Alberto and Di Maio, Francesco Paolo},
  journal={Chemical engineering science},
  volume={59},
  number={3},
  pages={525--541},
  year={2004},
  publisher={Elsevier}
}
